@book{de2002industrie,
  title={Le industrie del Regno di Napoli},
  author={De Crescenzo, G.},
  isbn={9788888338590},
  lccn={2003542272},
  series={Biblioteca napoletana},
  url={https://books.google.it/books?id=vHmRAAAAIAAJ},
  year={2002},
  publisher={Grimaldi}
}

@book{asquer2007rivoluzione,
  title={La rivoluzione candida: storia sociale della lavatrice in Italia (1945-1970)},
  author={Asquer, E.},
  isbn={9788843042074},
  series={Le sfere},
  url={https://books.google.it/books?id=dv8fAQAAIAAJ},
  year={2007},
  publisher={Carocci}
}
@inproceedings{choi2003study,
  title={A study on the dynamic behavior and comparative analysis of a suspension type pulsator/drum type washing machine},
  author={Choi, JY and Lee, JM and Lee, JS and Park, NC and Park, YP},
  booktitle={Journal of the Korean Society for Noise and Vibration Engineering, Annual Spring Conference},
  pages={1134--1139},
  year={2003}
}
@article{boyraz2013dynamic,
  title={Dynamic modeling of a horizontal washing machine and optimization of vibration characteristics using Genetic Algorithms},
  author={Boyraz, P{\i}nar and G{\"u}nd{\"u}z, Mutlu},
  journal={Mechatronics},
  volume={23},
  number={6},
  pages={581--593},
  year={2013},
  publisher={Elsevier}
}
@article{tu1998modeling,
  title={Modeling and experimental assessment of suspension dynamics of a horizontal-axis washing machine},
  author={Tu{\"{}} rkay, OS and Su{\"{}} mer, IT and Tugcu, AK and Kiray, B},
  year={1998}
}
@article{esercitazioneapplicata,
  title={Esercitazione MECCANICA APPLICATA ALLE MACCHINE},
  author={Alessandro Tasora},
  year={2012}
}
@book{meneghetti2010lezioni,
  title={Lezioni di meccanica applicata alle macchine},
  author={Meneghetti, U. and Maggiore, A. and Funaioli, E.},
  number={v. 1},
  isbn={9788855530927},
  series={Lezioni di meccanica applicata alle macchine},
  url={https://books.google.it/books?id=bHJ9kgAACAAJ},
  year={2010},
  publisher={P{\`a}tron}
}
